@article{rubin1974,
  title={Estimating causal effects of treatments in randomized and nonrandomized studies.},
  author={Rubin, Donald B},
  journal={Journal of Educational Psychology},
  volume={66},
  number={5},
  pages={688},
  year={1974},
  publisher={American Psychological Association}
}

@article{robinson1988,
  title={Root-N-consistent semiparametric regression},
  author={Robinson, Peter M},
  journal={Econometrica: Journal of the Econometric Society},
  pages={931--954},
  year={1988},
  publisher={JSTOR}
}

@article{lundberg2019,
  title={A Research Note on the Prevalence of Housing Eviction Among Children Born in US Cities},
  author={Lundberg, Ian and Donnelly, Louis},
  journal={Demography},
  volume={56},
  number={1},
  pages={391--404},
  year={2019},
  publisher={Springer}
}

@article{jacob2004,
  title={Public housing, housing vouchers, and student achievement: Evidence from public housing demolitions in Chicago},
  author={Jacob, Brian A},
  journal={American Economic Review},
  volume={94},
  number={1},
  pages={233--258},
  year={2004}
}

@article{currie2000,
  title={Are public housing projects good for kids?},
  author={Currie, Janet and Yelowitz, Aaron},
  journal={Journal of public economics},
  volume={75},
  number={1},
  pages={99--124},
  year={2000},
  publisher={Elsevier}
}

@article{sanbonmatsu2006,
  title={Neighborhoods and academic achievement results from the Moving to Opportunity experiment},
  author={Sanbonmatsu, Lisa and Kling, Jeffrey R and Duncan, Greg J and Brooks-Gunn, Jeanne},
  journal={Journal of Human Resources},
  volume={41},
  number={4},
  pages={649--691},
  year={2006},
  publisher={University of Wisconsin Press}
}

@article{greenland1999,
  title={Causal diagrams for epidemiologic research},
  author={Greenland, Sander and Pearl, Judea and Robins, James M},
  journal={Epidemiology},
  pages={37--48},
  year={1999},
  publisher={JSTOR}
}

@book{wechsler1981,
  title={Wechsler Adult Intelligence Scale --- Revised (WAIS-R Manual)},
  author={Wechsler, David},
  year={1981},
  publisher={The Psychological Corporation. Harcourt Brace Jovanovich.}
 }
 
 @book{y3_documentation,
  title={Scales Documentation and Question Sources for Three-Year Questionnaires},
  author={{Fragile Families and Child Wellbeing Study}},
  year={2006},
  publisher={Center for Research on Child Wellbeing, Princeton University}
 }
 
 @article{neyman1923,
  title={Translation published 1990. {O}n the application of probability theory to agricultural experiments. {E}ssay on principles. {S}ection 9.},
  author={Neyman, Jerzy},
  journal={Statistical Science},
  volume={5},
  issue={4},
  pages={465--472},
  year={1923}
}

@article{dickman1990,
  title={Functional and dysfunctional impulsivity: Personality and cognitive correlates.},
  author={Dickman, Scott J},
  journal={Journal of Personality and Social Psychology},
  volume={58},
  number={1},
  pages={95},
  year={1990},
  publisher={American Psychological Association}
}

@article{richardson2013,
  title={Single world intervention graphs ({SWIG}s): A unification of the counterfactual and graphical approaches to causality},
  author={Richardson, Thomas S and Robins, James M},
  journal={Center for the Statistics and the Social Sciences, University of Washington Series. Working Paper},
  volume={128},
  number={30},
  pages={2013},
  year={2013},
  publisher={Citeseer}
}

@book{imbens2015,
  title={Causal Inference in Statistics, Social, and Biomedical Sciences},
  author={Imbens, $\bigstar$ Guido W and Rubin, Donald B},
  year={2015},
  publisher={Cambridge University Press}
}

@article{breiman2001,
  title={Random forests},
  author={Breiman, Leo},
  journal={Machine learning},
  volume={45},
  number={1},
  pages={5--32},
  year={2001},
  publisher={Springer}
}

@article{kuroki2014,
  title={Measurement bias and effect restoration in causal inference},
  author={Kuroki, Manabu and Pearl, Judea},
  journal={Biometrika},
  volume={101},
  number={2},
  pages={423--437},
  year={2014},
  publisher={Oxford University Press}
}

@article{holland1986,
  title={Statistics and causal inference},
  author={Holland, Paul W},
  journal={Journal of the American statistical Association},
  volume={81},
  number={396},
  pages={945--960},
  year={1986},
  publisher={Taylor \& Francis}
}

@book{pearl2018,
  title={The Book of Why: The New Science of Cause and Effect},
  author={Pearl, Judea and Mackenzie, Dana},
  year={2018},
  publisher={Basic Books}
}

@article{blackwell2014,
  title={A selection bias approach to sensitivity analysis for causal effects},
  author={Blackwell, Matthew},
  journal={Political Analysis},
  volume={22},
  number={2},
  pages={169--182},
  year={2014},
  publisher={Cambridge University Press}
}

@book{hernan2018,
  title={Causal Inference},
  author={Hernan, Miguel A. and Robins, James M.},
  year={2018},
  publisher={Unpublished book manuscript}
}

@article{hahn1998,
  title={On the role of the propensity score in efficient semiparametric estimation of average treatment effects},
  author={Hahn, Jinyong},
  journal={Econometrica},
  pages={315--331},
  year={1998},
  publisher={JSTOR}
}

@article{abadie2006,
  title={Large sample properties of matching estimators for average treatment effects},
  author={Abadie, Alberto and Imbens, Guido W},
  journal={Econometrica},
  volume={74},
  number={1},
  pages={235--267},
  year={2006},
  publisher={Wiley Online Library}
}

@book{murphy2012,
  title={Machine Learning: A Probabilistic Perspective},
  author={Murphy, Kevin P},
  year={2012},
  publisher={MIT Press}
}

@article{chetty2016,
  title={The effects of exposure to better neighborhoods on children: New evidence from the Moving to Opportunity experiment},
  author={Chetty, Raj and Hendren, Nathaniel and Katz, Lawrence F},
  journal={American Economic Review},
  volume={106},
  number={4},
  pages={855--902},
  year={2016}
}

@misc{mills2006,
  title={Effects of housing vouchers on welfare families},
  author={Mills, Gregory and Gubits, Daniel and Orr, Larry and Long, David and Feins, Judie and Kaul, Bulbul and Wood, Michelle and Jones, Amy},
  publisher={Washington, DC: US Department of Housing and Urban Development, Office of Policy Development and Research},
  howpublished = {\url{https://www.huduser.gov/portal/publications/commdevl/hsgvouchers.html}},
  note = {Accessed 27 September 2018},
  year={2006}
}

@article{jacob2014,
  title={The impact of housing assistance on child outcomes: Evidence from a randomized housing lottery},
  author={Jacob, Brian A and Kapustin, Max and Ludwig, Jens},
  journal={The Quarterly Journal of Economics},
  volume={130},
  number={1},
  pages={465--506},
  year={2014},
  publisher={MIT Press}
}

@article{geller2014,
  title={Paternal incarceration and the housing security of urban mothers},
  author={Geller, Amanda and Franklin, Allyson Walker},
  journal={Journal of Marriage and Family},
  volume={76},
  number={2},
  pages={411--427},
  year={2014},
  publisher={Wiley Online Library}
}

@article{geller2011,
  title={A sort of homecoming: Incarceration and the housing security of urban men},
  author={Geller, Amanda and Curtis, Marah A},
  journal={Social Science Research},
  volume={40},
  number={4},
  pages={1196--1213},
  year={2011},
  publisher={Elsevier}
}

@article{kim2017,
  title={Housing assistance and housing insecurity: A study of renters in southeastern Michigan in the wake of the great recession},
  author={Kim, Huiyun and Burgard, Sarah A and Seefeldt, Kristin S},
  journal={Social Service Review},
  volume={91},
  number={1},
  pages={41--70},
  year={2017},
  publisher={University of Chicago Press Chicago, IL}
}

@incollection{angrist1999,
  title={Empirical strategies in labor economics},
  author={Angrist, Joshua D and Krueger, Alan B},
  booktitle={Handbook of Labor Economics},
  volume={3},
  pages={1277--1366},
  year={1999},
  publisher={Elsevier}
}

@article{wildeman2014,
  title={Parental incarceration, child homelessness, and the invisible consequences of mass imprisonment},
  author={Wildeman, Christopher},
  journal={The ANNALS of the American Academy of Political and Social Science},
  volume={651},
  number={1},
  pages={74--96},
  year={2014},
  publisher={Sage Publications Sage CA: Los Angeles, CA}
}

@book{sanbonmatsu2011,
  title={Moving to Opportunity for Fair Housing Demonstration Program: Final Impacts Evaluation},
  author={Sanbonmatsu, Lisa and Katz, Lawrence F and Ludwig, Jens and Gennetian, Lisa A and Duncan, Greg J and Kessler, Ronald C and Adam, Emma K and McDade, Thomas and Lindau, Stacy T},
  year={2011},
  publisher={US Department of Housing and Urban Development}
}

@article{hirano2003,
  title={Efficient estimation of average treatment effects using the estimated propensity score},
  author={Hirano, Keisuke and Imbens, Guido W and Ridder, Geert},
  journal={Econometrica},
  volume={71},
  number={4},
  pages={1161--1189},
  year={2003},
  publisher={Wiley Online Library}
}

@article{abadie2011,
  title={Bias-corrected matching estimators for average treatment effects},
  author={Abadie, Alberto and Imbens, Guido W},
  journal={Journal of Business \& Economic Statistics},
  volume={29},
  number={1},
  pages={1--11},
  year={2011},
  publisher={Taylor \& Francis}
}

@article{manski1990,
  title={Nonparametric bounds on treatment effects},
  author={Manski, Charles F},
  journal={The American Economic Review},
  volume={80},
  number={2},
  pages={319--323},
  year={1990},
  publisher={JSTOR}
}

@article{desmondkimbro2015,
  title={Eviction's fallout: housing, hardship, and health},
  author={Desmond, Matthew and Kimbro, Rachel Tolbert},
  journal={Social Forces},
  volume={94},
  number={1},
  pages={295--324},
  year={2015},
  publisher={Oxford University Press}
}

@misc{joint2011,
   title={Rental Market Stresses: Impacts of the Great Recession on Affordability and Multifamily Lending},
   author={{Joint Center for Housing Studies}},
   year={2011},
   publisher={Harvard University},
   howpublished={{\scriptsize\url{https://www.urban.org/research/publication/rental-market-stresses-impacts-great-recession-affordability-and-multifamily-lending}}},
   note={Accessed 27 September 2018}
}

@misc{joint2018,
   title={The State of the Nation's Housing 2018},
   author={{Joint Center for Housing Studies}},
   year={2018},
   publisher={Harvard University},
   howpublished={\url{http://www.jchs.harvard.edu/state-nations-housing-2018}},
   note={Accessed 18 September 2018}
}

@misc{law_vouchers,
   title = {24 {CFR P}art 982: Section 8 tenant-based assistance: {Housing Choice Voucher Program}},
   howpublished = {\url{https://www.law.cornell.edu/cfr/text/24/part-982}},
   author = {{Code of Federal Regulations}},
   year = {1994}
}

@misc{law_public,
   title = {24 {CFR P}art 247: Evictions from certain subsidized and {HUD}-owned projects},
   howpublished = {\url{https://www.law.cornell.edu/cfr/text/24/part-247}},
   author = {{Code of Federal Regulations}},
   year = {1976}
}

@misc{public2016,
   title = {Housing Agency Waiting Lists and the Demand for Housing Assistance},
   howpublished = {\url{https://www.housingcenter.com/wp-content/uploads/2017/11/5k1S1v-waiting-list-spotlight.pdf}},
   author = {{Public and Affordable Housing Research Corporation}},
   year = {2016},
  note = {Accessed: 17 September 2018}
}



@article{honaker2011,
  title={Amelia {II}: A program for missing data},
  author={Honaker, James and King, Gary and Blackwell, Matthew and others},
  journal={Journal of Statistical Software},
  volume={45},
  number={7},
  pages={1--47},
  year={2011}
}

@misc{desmond2018,
  title={Eviction Lab National Database: Version 1.0},
  author={Matthew Desmond and Ashley Gromis and Edmonds, Lavar and Hendrickson, James and Krywokulski, Katie and Leung, Lillian and Porton, Adam},
  howpublished = {www.evictionlab.org},
  year={2018},
  note = {Accessed: 16 September 2018}
}

@article{park2014,
  title={Factors contributing to the receipt of housing assistance by low-income families with children in twenty {A}merican cities},
  author={Park, Jung Min and Fertig, Angela and Metraux, Stephen},
  journal={Social Service Review},
  volume={88},
  number={1},
  pages={166--193},
  year={2014},
  publisher={University of Chicago Press}
}

@article{desmond2017,
  title={Who gets evicted? {A}ssessing individual, neighborhood, and network factors},
  author={Desmond, Matthew and Gershenson, Carl},
  journal={Social Science Research},
  volume={62},
  pages={362--377},
  year={2017},
  publisher={Elsevier}
}

@article{mccarty2015,
  title={Immigration: Noncitizen eligibility for needs-based housing programs},
  author={McCarty, Maggie and Siskin, Alison},
  year={2012},
  journal={Congressional Research Service Report RL31753}
}

@book{desmond2016,
  title={Evicted: Poverty and Profit in the American City},
  author={Desmond, Matthew},
  year={2016},
  publisher={Broadway Books}
}

@article{author2019,
  title={A Research Note on the Prevalence of Housing Eviction among Children Born in {U.S.} Cities},
  author={{Author redacted for peer review}},
  journal={Demography},
  volume={Forthcoming},
  year={2019}
}

@article{desmond2015a,
  title={Forced relocation and residential instability among urban renters},
  author={Desmond, Matthew and Gershenson, Carl and Kiviat, Barbara},
  journal={Social Service Review},
  volume={89},
  number={2},
  pages={227--262},
  year={2015},
  publisher={University of Chicago Press Chicago, IL}
}

@article{desmond2015b,
  title={Forced displacement from rental housing: Prevalence and neighborhood consequences},
  author={Desmond, Matthew and Shollenberger, Tracey},
  journal={Demography},
  volume={52},
  number={5},
  pages={1751--1772},
  year={2015},
  publisher={Springer}
}

@article{elwert2014,
  title={Endogenous selection bias: The problem of conditioning on a collider variable},
  author={Elwert, Felix and Winship, Christopher},
  journal={Annual Review of Sociology},
  volume={40},
  pages={31--53},
  year={2014},
  publisher={Annual Reviews}
}

@book{pearl2009,
  title={Causality},
  author={Pearl, Judea},
  year={2009},
  publisher={Cambridge University Press}
}

@article{wager2017,
  title={Estimation and inference of heterogeneous treatment effects using random forests},
  author={Wager, Stefan and Athey, Susan},
  journal={Journal of the American Statistical Association},
  year={2017},
  publisher={Taylor \& Francis}
}

@article{reichman2001,
  title={Fragile {F}amilies: Sample and design},
  author={Reichman, Nancy E and Teitler, Julien O and Garfinkel, Irwin and McLanahan, Sara S},
  journal={Children and Youth Services Review},
  volume={23},
  number={4-5},
  pages={303--326},
  year={2001},
  publisher={Elsevier}
}

@article{desmond2012,
  title={Eviction and the reproduction of urban poverty},
  author={Desmond, Matthew},
  journal={American Journal of Sociology},
  volume={118},
  number={1},
  pages={88--133},
  year={2012},
  publisher={University of Chicago Press Chicago, IL}
}

@article{desmond2013,
  title={Evicting children},
  author={Desmond, Matthew and An, Weihua and Winkler, Richelle and Ferriss, Thomas},
  journal={Social Forces},
  volume={92},
  number={1},
  pages={303--327},
  year={2013},
  publisher={Oxford University Press}
}

@article{van2007,
  title={Super learner},
  author={Van der Laan, Mark J and Polley, Eric C and Hubbard, Alan E},
  journal={Statistical applications in genetics and molecular biology},
  volume={6},
  number={1},
  year={2007},
  publisher={De Gruyter}
}

@misc{hud2018,
  title={{HUD}'s public housing program},
  author={{U.S. Department of Housing and Urban Development}},
  howpublished = {\url{https://www.hud.gov/topics/rental_assistance/phprog}},
  year={2018},
  note = {Accessed: 19 August 2018}
}

@misc{hud2001,
  title={Housing Choice Voucher Guidebook},
  author={{U.S. Department of Housing and Urban Development}},
  howpublished = {\url{http://www.lb7.uscourts.gov/documents/15c6523.pdf}},
  year={2001},
  note = {Accessed: 27 September 2018}
}

@article{moore2016,
  title={Lists and lotteries: rationing in the housing choice voucher program},
  author={Moore, M. Kathleen},
  journal={Housing Policy Debate},
  volume={26},
  number={3},
  pages={474--487},
  year={2016},
  publisher={Taylor \& Francis}
}

@Book{wood2017,
    title = {Generalized Additive Models: An Introduction with R},
    year = {2017},
    author = {Wood, S.N.},
    edition = {2},
    publisher = {Chapman and Hall/CRC},
  }
  

  
  @article{wood2003,
  title={Thin plate regression splines},
  author={Wood, Simon N},
  journal={Journal of the Royal Statistical Society: Series B (Statistical Methodology)},
  volume={65},
  number={1},
  pages={95--114},
  year={2003},
  publisher={Wiley Online Library}
}

@article{athey2018,
  title={Generalized random forests},
  author={Athey, Susan and Tibshirani, Julie and Wager, Stefan},
  journal={arXiv preprint arXiv:1610.01271},
  year={2018}
}

@article{athey2016,
  title={Recursive partitioning for heterogeneous causal effects},
  author={Athey, Susan and Imbens, Guido},
  journal={Proceedings of the National Academy of Sciences},
  volume={113},
  number={27},
  pages={7353--7360},
  year={2016},
  publisher={National Acad Sciences}
}

@book{hastie1990,
  title={Generalized additive models, volume 43 of Monographs on Statistics and Applied Probability},
  author={Hastie, Trevor J and Tibshirani, Robert J},
  year={1990},
  publisher={Chapman \& Hall}
}

@article{wager2018,
  title={Estimation and inference of heterogeneous treatment effects using random forests},
  author={Wager, Stefan and Athey, Susan},
  journal={Journal of the American Statistical Association},
  year={2018},
  publisher={Taylor \& Francis}
}

@article{chernozhukov2018,
  title={Double/debiased machine learning for treatment and structural parameters},
  author={Chernozhukov, Victor and Chetverikov, Denis and Demirer, Mert and Duflo, Esther and Hansen, Christian and Newey, Whitney and Robins, James},
  journal={The Econometrics Journal},
  volume={21},
  number={1},
  pages={C1--C68},
  year={2018},
  publisher={Wiley Online Library}
}

@article{hill2011,
  title={Bayesian nonparametric modeling for causal inference},
  author={Hill, Jennifer L},
  journal={Journal of Computational and Graphical Statistics},
  volume={20},
  number={1},
  pages={217--240},
  year={2011},
  publisher={Taylor \& Francis}
}

@article{chipman2010,
  title={BART: Bayesian additive regression trees},
  author={Chipman, Hugh A and George, Edward I and McCulloch, Robert E and others},
  journal={The Annals of Applied Statistics},
  volume={4},
  number={1},
  pages={266--298},
  year={2010},
  publisher={Institute of Mathematical Statistics}
}